@INPROCEEDINGS{7954272,
  author={Barajas, E. and Mateo, D. and Aragones, X. and Crespo-Yepes, A. and Rodriguez, R. and Martin-Martinez, J. and Nafria, M.},
  booktitle={2017 International Conference of Microelectronic Test Structures (ICMTS)}, 
  title={Design of a Broadband CMOS RF Power Amplifier to establish device-circuit aging correlations}, 
  year={2017},
  volume={},
  number={},
  pages={1-3},
  doi={10.1109/ICMTS.2017.7954272}}

@misc{dphipout,
  author = {QIAN, HAOYU},
  title = {ANALYSIS AND DESIGN OF CMOS RADIO-FREQUENCY POWER AMPLIFIERS},
  year = {2017},
  howpublished = {\url{https://oaktrust.library.tamu.edu/bitstream/handle/1969.1/161560/QIAN-DISSERTATION-2017.pdf?sequence=1&isAllowed=y}},
  note = {Accessed on May 2, 2023}
}

@misc{Analog/RF-IntgCkts,
  author = {Analog RF IntgCkts},
  title = {L-Matching},
  howpublished = {\url{https://analog.intgckts.com/impedance-matching/l-matching/}},
  note = {Accessed: May 3, 2023}
}

@Inbook{5G-and-E-band,
author="Vigilante, Marco
and Reynaert, Patrick",
title="$G_m$ Stage and Passives in Deep-Scaled CMOS",
bookTitle="5G and E-Band Communication Circuits in Deep-Scaled CMOS",
year="2018",
edition="1",
publisher="Springer International Publishing",
address="Cham",
pages="41--47",
isbn="978-3-319-72646-5",
doi="10.1007/978-3-319-72646-5_2",
url="https://doi.org/10.1007/978-3-319-72646-5_2"
}

@ARTICLE{5710437,
  author={Vecchi, Federico and Bozzola, Stefano and Temporiti, Enrico and Guermandi, Davide and Pozzoni, Massimo and Repossi, Matteo and Cusmai, Marco and Decanis, Ugo and Mazzanti, Andrea and Svelto, Francesco},
  journal={IEEE Journal of Solid-State Circuits}, 
  title={A Wideband Receiver for Multi-Gbit/s Communications in 65 nm CMOS}, 
  year={2011},
  volume={46},
  number={3},
  pages={551-561},
  doi={10.1109/JSSC.2010.2100251}}

@book{microwave-engineering,
  author = {David M. Pozar},
  title = {Microwave Engineering},
  publisher = {Wiley},
  year = {2012},
  edition = {4},
  isbn = { 978-0-470-63155-3},
  address = {New York, United States of America},
}

@article{WidebandReceiver,
author = {Li, Chun-Hsing and Kuo, Chien-Nan and Kuo, Ming-Ching},
year = {2012},
month = {11},
pages = {3502-3512},
title = {A 1.2-V 5.2-mW 20-30-GHz wideband receiver front-end in 0.18 um CMOS},
volume = {60},
journal = {IEEE Transactions on Microwave Theory and Techniques},
doi = {10.1109/TMTT.2012.2216285}
}

@INPROCEEDINGS{6942051,
  author={Zhao, Junlei and Bassi, Matteo and Bevilacqua, Andrea and Ghilioni, Andrea and Mazzanti, Andrea and Svelto, Francesco},
  booktitle={ESSCIRC 2014 - 40th European Solid State Circuits Conference (ESSCIRC)}, 
  title={A 40–67GHz power amplifier with 13dBm PSAT and 16\% PAE in 28 nm CMOS LP}, 
  year={2014},
  volume={},
  number={},
  pages={179-182},
  doi={10.1109/ESSCIRC.2014.6942051}
  }

@ARTICLE{7383223,
  author={Bhagavatula, Venumadhav and Zhang, Tong and Suvarna, Apsara Ravish and Rudell, Jacques Christophe},
  journal={IEEE Journal of Solid-State Circuits}, 
  title={An Ultra-Wideband IF Millimeter-Wave Receiver With a 20 GHz Channel Bandwidth Using Gain-Equalized Transformers}, 
  year={2016},
  volume={51},
  number={2},
  pages={323-331},
  doi={10.1109/JSSC.2015.2504411}}

@ARTICLE{868049,
  author={Long, J.R.},
  journal={IEEE Journal of Solid-State Circuits}, 
  title={Monolithic transformers for silicon RF IC design}, 
  year={2000},
  volume={35},
  number={9},
  pages={1368-1382},
  doi={10.1109/4.868049}}

@ARTICLE{6578194,
  author={Zhao, Dixian and Reynaert, Patrick},
  journal={IEEE Journal of Solid-State Circuits}, 
  title={A 60-GHz Dual-Mode Class AB Power Amplifier in 40-nm CMOS}, 
  year={2013},
  volume={48},
  number={10},
  pages={2323-2337},
  doi={10.1109/JSSC.2013.2275662}}

@INPROCEEDINGS{6858393,
  author={Feng-Wei Kuo and Chen, Ron and Yen, Kyle and Hsien-Yuan Liao and Chewn-Pu Jou and Fu-Lung Hsueh and Babaie, Masoud and Staszewski, Robert Bogdan},
  booktitle={2014 Symposium on VLSI Circuits Digest of Technical Papers}, 
  title={A 12mW all-digital PLL based on class-F DCO for 4G phones in 28nm CMOS}, 
  year={2014},
  volume={},
  number={},
  pages={1-2},
  doi={10.1109/VLSIC.2014.6858393}}

@INPROCEEDINGS{7418056,
  author={Vigilante, Marco and Reynaert, Patrick},
  booktitle={2016 IEEE International Solid-State Circuits Conference (ISSCC)}, 
  title={20.10 A 68.1-to-96.4GHz variable-gain low-noise amplifier in 28nm CMOS}, 
  year={2016},
  volume={},
  number={},
  pages={360-362},
  doi={10.1109/ISSCC.2016.7418056}}

@Inbook{microwave-transistor-amplifier,
author="Guillermo Gonzalez",
title="Microwave transistor amplifiers: analysis and design",
bookTitle="Microwave transistor amplifiers: analysis and design",
year="1997",
edition="Second",
publisher="Prentice-Hall, Inc.",
address="Division of Simon and Schuster One Lake Street Upper Saddle River, NJ United States",
isbn="978-0132543354",
}

@ARTICLE{first,
  author={Huang, C.-C. and Chen, W.-T. and Chen, K.-Y.},
  journal={IEEE Microwave and Wireless Components Letters}, 
  title={High Efficiency Linear Power Amplifier for IEEE 802.11g WLAN Applications}, 
  year={2006},
  volume={16},
  number={9},
  pages={508-510},
  doi={10.1109/LMWC.2006.880702}}

@ARTICLE{second,
  author={Ali, Sheikh Nijam and Agarwal, Pawan and Gopal, Srinivasan and Mirabbasi, Shahriar and Heo, Deukhyoun},
  journal={IEEE Transactions on Circuits and Systems I: Regular Papers}, 
  title={A 25–35 GHz Neutralized Continuous Class-F CMOS Power Amplifier for 5G Mobile Communications Achieving 26\% Modulation PAE at 1.5 Gb/s and 46.4\% Peak PAE}, 
  year={2019},
  volume={66},
  number={2},
  pages={834-847},
  doi={10.1109/TCSI.2018.2860019}}

  @ARTICLE{third,
  author={Badal, Torikul Islam and Reaz, Mamun Bin Ibne and Bhuiyan, Mohammad Arif Sobhan and Kamal, Noorfazila},
  journal={IEEE Microwave Magazine}, 
  title={CMOS Transmitters for 2.4-GHz RF Devices: Design Architectures of the 2.4-GHz CMOS Transmitter for RF Devices}, 
  year={2019},
  volume={20},
  number={1},
  pages={38-61},
  doi={10.1109/MMM.2018.2875607}}

@article{fourth,
author = {Bhuiyan, Mohammad and Zijie, Yeoh and Yu, Jae and Reaz, Mamun Bin Ibne and Kamal, Noorfazila and Chang, Tae-Gyu},
year = {2016},
month = {05},
pages = {},
title = {Active inductor based fully integrated CMOS transmit/ receive switch for 2.4 GHz RF transceiver},
volume = {88},
journal = {Anais da Academia Brasileira de Ciências},
doi = {10.1590/0001-3765201620150123}
}

@article{fifth,
author = {Kumar, Ravinder and Kumar, Munish and Balraj},
year = {2012},
month = {05},
pages = {},
title = {Design and Implementation of a High Efficiency CMOS Power Amplifier for Wireless Communication at 2.45 GHz},
journal = {Proceedings - International Conference on Communication Systems and Network Technologies, CSNT 2012},
doi = {10.1109/CSNT.2012.174},
}

@article{sixth,
author = {Sahu, Shridhar and Deshmukh, Amol},
year = {2013},
month = {08},
pages = {31-40},
title = {Design of High Efficiency Two Stage Power Amplifier in 0.13µM RF CMOS Technology for 2.4GHZ WLAN Application},
volume = {4},
journal = {International Journal of VLSI Design \& Communication Systems},
doi = {10.5121/vlsic.2013.4404}
}

@article{seventh,
author = {Hussain, Abbas and Ghayyib, Sarab and Ezzulddin, Ahmed},
year = {2014},
month = {09},
pages = {},
title = {Toward a fully integrated 2.4 GHz differential pair class-E power amplifier using on-chip RF power transformers for Bluetooth systems},
volume = {69},
journal = {AEU - International Journal of Electronics and Communications},
doi = {10.1016/j.aeue.2014.08.010}
}

@ARTICLE{ninth,
  author={Cai, Qi and Che, Wenquan and Shen, Guangxu and Xue, Quan},
  journal={IEEE Transactions on Microwave Theory and Techniques}, 
  title={Wideband High-Efficiency Power Amplifier Using D/CRLH Bandpass Filtering Matching Topology}, 
  year={2019},
  volume={67},
  number={6},
  pages={2393-2405},
  doi={10.1109/TMTT.2019.2909892}}

@article{tenth,
author = {Ramella, Chiara and Piacibello, Anna and Quaglia, Roberto and Camarchia, Vittorio and Pirola, Marco},
year = {2017},
month = {11},
pages = {96},
title = {High Efficiency Power Amplifiers for Modern Mobile Communications: The Load-Modulation Approach},
volume = {6},
journal = {Electronics},
doi = {10.3390/electronics6040096}
}

@INPROCEEDINGS{eleventh,
  author={Lin, Chien-Chih and Yu, Chun-Han and Kuo, Hsin-Chih and Chuang, Huey-Ru},
  booktitle={2014 IEEE Topical Conference on Power Amplifiers for Wireless and Radio Applications (PAWR)}, 
  title={Design of 60-GHz 90-nm CMOS balanced power amplifier with miniaturized quadrature hybrids}, 
  year={2014},
  volume={},
  number={},
  pages={52-54},
  doi={10.1109/PAWR.2014.6825723}}

@misc{twelveth,
  title = {Fully Integrated CMOS Power Amplifier.},
  author = {Gang Liu},
  year = {2006},
  howpublished = {\url{https://www2.eecs.berkeley.edu/Pubs/TechRpts/2006/EECS-2006-162.html}},
  note = {Accessed on May 2, 2023}}

@misc{thirteenth,
  title = {Power Amplifier Circuits in CMOS Technologies.},
  author = {Fritzin, Jona},
  year = {2012},
  howpublished = {\url{http://www.diva-portal.org/smash/record.jsf?pid=diva2\%3A240432&dswid=5205}},
  note = {Accessed on May 11, 2023}}

@inbook{fourtheen,
author = {Reynaert, Patrick},
year = {2010},
month = {10},
pages = {377 - 410},
title = {CMOS RF Power Amplifiers for Mobile Communications},
isbn = {9780470634455},
doi = {10.1002/9780470634455.ch13}
}

@misc{fifteenth,
  title = {HIGH EFFICIENCY SWITCHING CMOS POWER
  AMPLIFIERS FOR WIRELESS COMMUNICATIONS.},
  author = {Lee, Ockgoo},
  year = {2009},
  howpublished = {\url{https://smartech.gatech.edu/bitstream/handle/1853/37145/lee_ockgoo_200912_phd.pdf}},
  note = {Accessed on May 11, 2023}}

  @article{sixteen,
author = {Choi, Hojong and Jung, Hayong and Shung, K.},
year = {2015},
month = {04},
pages = {226-235},
title = {Power Amplifier Linearizer for High Frequency Medical Ultrasound Applications},
volume = {35},
journal = {Journal of Medical and Biological Engineering},
doi = {10.1007/s40846-015-0026-7}
}

  @Inbook{rf-PA-wireless-communications,
  author={Cripps, Steve},
  booktitle={RF Power Amplifiers for Wireless Communications, Second Edition},
  title="RF Power Amplifiers for Wireless Communications",
  year={2006},
  edition="Second",
  publisher="Artech",
  isbn="9781596930193",
  volume={},
  number={},
  pages={},
  doi={}}

  @INPROCEEDINGS{1320534,
  author={Grewing, C. and Winterberg, K. and van Waasen, S. and Friedrich, M. and Puma, G.L. and Wiesbauer, A. and Sandner, C.},
  booktitle={2004 IEE Radio Frequency Integrated Circuits (RFIC) Systems. Digest of Papers}, 
  title={Fully integrated distributed power amplifier in CMOS technology, optimized for UWB transmitters}, 
  year={2004},
  volume={},
  number={},
  pages={87-90},
  doi={10.1109/RFIC.2004.1320534}}

@INPROCEEDINGS{1635249,
  author={Han Chou Hsu and Zhi Wei Wang and Gin Kou Ma},
  booktitle={2005 IEEE Conference on Electron Devices and Solid-State Circuits}, 
  title={A Low Power CMOS Full-Band UWB Power Amplifier Using Wideband RLC Matching Method}, 
  year={2005},
  volume={},
  number={},
  pages={233-236},
  doi={10.1109/EDSSC.2005.1635249}}

@INPROCEEDINGS{1465784,
  author={Jose, S. and Hyung-Jin Lee and Dong Ha and Choi, S.S.},
  booktitle={2005 IEEE International Symposium on Circuits and Systems (ISCAS)}, 
  title={A low-power CMOS power amplifier for ultra wideband (UWB) applications}, 
  year={2005},
  volume={},
  number={},
  pages={5111-5114 Vol. 5},
  doi={10.1109/ISCAS.2005.1465784}}

@INPROCEEDINGS{4977464,
  author={Roderick, Jonathan and Hashemi, Hossein},
  booktitle={2009 IEEE International Solid-State Circuits Conference - Digest of Technical Papers}, 
  title={A 0.13µm CMOS power amplifier with ultra-wide instantaneous bandwidth for imaging applications}, 
  year={2009},
  volume={},
  number={},
  pages={374-375,375a},
  doi={10.1109/ISSCC.2009.4977464}}

@ARTICLE{8886521,
  author={Chang, Yang and Wang, Yunshan and Wang, Huei},
  journal={IEEE Microwave and Wireless Components Letters}, 
  title={A K-Band High-OP1dB Common-Drain Power Amplifier With Neutralization Technique in 90-nm CMOS Technology}, 
  year={2019},
  volume={29},
  number={12},
  pages={795-797},
  doi={10.1109/LMWC.2019.2947247}}

@INPROCEEDINGS{8354388,
  author={Alngar, Omar Z. and El-Deeb, Walid S. and El-Sayed and El-Rabaie, M.},
  booktitle={2018 35th National Radio Science Conference (NRSC)}, 
  title={On-line predistortion algorithm for nonlinear power amplifiers with memory effects based on real-valued time-delay neural network}, 
  year={2018},
  volume={},
  number={},
  pages={338-344},
  doi={10.1109/NRSC.2018.8354388}}

@ARTICLE{9354447,
  author={Zhong, Jiecheng and Zhao, Dixian and You, Xiaohu},
  journal={IEEE Transactions on Circuits and Systems I: Regular Papers}, 
  title={A Ku-Band CMOS Power Amplifier With Series-Shunt LC Notch Filter for Satellite Communications}, 
  year={2021},
  volume={68},
  number={5},
  pages={1869-1880},
  doi={10.1109/TCSI.2021.3056537}}

@ARTICLE{8678458,
  author={Liu, Yibo and Ma, Taikun and Guan, Pingda and Mao, Luhong and Chi, Baoyong},
  journal={IEEE Transactions on Circuits and Systems II: Express Briefs}, 
  title={A G-Band Wideband Bidirectional Transceiver Front-End in 40-nm CMOS}, 
  year={2019},
  volume={66},
  number={5},
  pages={798-802},
  doi={10.1109/TCSII.2019.2908382}}

@article{high-linearity=09-35,
author = {Sapawi, Rohana and Pokharel, R.K. and D.A.A, Mat and Kanaya, Haruichi and Yoshida, Keiji},
year = {2012},
month = {12},
pages = {},
title = {A 0.9–3.5 GHz high linearity, good efficiency CMOS broadband power amplifier using stagger tuning technique},
volume = {54},
journal = {Microwave and Optical Technology Letters},
doi = {10.1002/mop.27212}
}

@ARTICLE{9829838,
  author={Alngar, Omar Z. and Barakat, Adel and Pokharel, Ramesh K.},
  journal={IEEE Microwave and Wireless Components Letters}, 
  title={High PAE CMOS Power Amplifier With 44.4\% FBW Using Superimposed Dual-Band Configuration and DGS Inductors}, 
  year={2022},
  volume={32},
  number={12},
  pages={1423-1426},
  doi={10.1109/LMWC.2022.3189347}}

@ARTICLE{7890430,
  author={Chen, Bo and Lou, Liheng and Tang, Kai and Wang, Yong and Gao, Jianjun and Zheng, Yuanjin},
  journal={IEEE Microwave and Wireless Components Letters}, 
  title={A 13.5–19 GHz 20.6-dB Gain CMOS Power Amplifier for FMCW Radar Application}, 
  year={2017},
  volume={27},
  number={4},
  pages={377-379},
  doi={10.1109/LMWC.2017.2679047}}

@ARTICLE{4729652,
  author={Jen, Yung-Nien and Tsai, Jeng-Han and Peng, Chung-Te and Huang, Tian-Wei},
  journal={IEEE Microwave and Wireless Components Letters}, 
  title={A 20 to 24 GHz $+$16.8 dBm Fully Integrated Power Amplifier Using 0.18 $\mu{\rm m}$  CMOS Process}, 
  year={2009},
  volume={19},
  number={1},
  pages={42-44},
  doi={10.1109/LMWC.2008.2008591}}

@ARTICLE{6634275,
  author={Kuo, Chin-Wei and Chiou, Hwann-Kaeo and Chung, Hua-Yen},
  journal={IEEE Microwave and Wireless Components Letters}, 
  title={An 18 to 33 GHz Fully-Integrated Darlington Power Amplifier With Guanella-Type Transmission-Line Transformers in 0.18um CMOS Technology}, 
  year={2013},
  volume={23},
  number={12},
  pages={668-670},
  doi={10.1109/LMWC.2013.2284775}}

@ARTICLE{7742408,
  author={Shakib, Sherif and Park, Hyun-Chul and Dunworth, Jeremy and Aparin, Vladimir and Entesari, Kamran},
  journal={IEEE Journal of Solid-State Circuits}, 
  title={A Highly Efficient and Linear Power Amplifier for 28-GHz 5G Phased Array Radios in 28-nm CMOS}, 
  year={2016},
  volume={51},
  number={12},
  pages={3020-3036},
  doi={10.1109/JSSC.2016.2606584}}

@ARTICLE{9252864,
  author={Lee, Jaehun and Hong, Songcheol},
  journal={IEEE Transactions on Circuits and Systems II: Express Briefs}, 
  title={A 24–30 GHz 31.7\% Fractional Bandwidth Power Amplifier With an Adaptive Capacitance Linearizer}, 
  year={2021},
  volume={68},
  number={4},
  pages={1163-1167},
  doi={10.1109/TCSII.2020.3036645}}

@ARTICLE{5497167,
  author={Weng, Ro-Min and Liu, Chun-Yu and Lin, Po-Cheng},
  journal={IEEE Transactions on Microwave Theory and Techniques}, 
  title={A Low-Power Full-Band Low-Noise Amplifier for Ultra-Wideband Receivers}, 
  year={2010},
  volume={58},
  number={8},
  pages={2077-2083},
  doi={10.1109/TMTT.2010.2052404}}

@INPROCEEDINGS{5728610,
  author={Mi, Xiaoyu and Kawano, Yoichi and Toyoda, Osamu and Suzuki, Toshihide and Ueda, Satoshi and Hirose, Tatsuya and Joshin, Kazukiyo},
  booktitle={2010 Asia-Pacific Microwave Conference}, 
  title={Miniaturized microwave tunable bandpass filters on high-k LTCC}, 
  year={2010},
  volume={},
  number={},
  pages={139-142},
  doi={}}

@article{sapawl2012,
author = {Sapawi, Rohana and Pokharel, R.K. and D.A.A, Mat and Kanaya, Haruichi and Yoshida, Keiji},
year = {2012},
month = {12},
pages = {},
title = {A 0.9–3.5 GHz high linearity, good efficiency CMOS broadband power amplifier using stagger tuning technique},
volume = {54},
journal = {Microwave and Optical Technology Letters},
doi = {10.1002/mop.27212}
}

@article{shim2013,
author = {Shim, Jaemin and Yang, Taejun and Jeong, Jichai},
year = {2013},
month = {09},
pages = {821-826},
title = {Design of low power CMOS ultra wide band low noise amplifier using noise canceling technique},
volume = {44},
journal = {Microelectronics Journal},
doi = {10.1016/j.mejo.2013.06.001}
}

@ARTICLE{7202869,
  author={Taghavi, Mohammad Hossein and Ahmadi, Peyman and Belostotski, Leonid and Haslett, James W.},
  journal={IEEE Transactions on Very Large Scale Integration (VLSI) Systems}, 
  title={A Stagger-Tuned Transimpedance Amplifier}, 
  year={2016},
  volume={24},
  number={4},
  pages={1460-1469},
  doi={10.1109/TVLSI.2015.2454448}}

@ARTICLE{7348667,
  author={Ray, Sagar and Hella, Mona Mostafa},
  journal={IEEE Journal of Solid-State Circuits}, 
  title={A 10 Gb/s Inductorless AGC Amplifier With 40 dB Linear Variable Gain Control in 0.13um CMOS}, 
  year={2016},
  volume={51},
  number={2},
  pages={440-456},
  doi={10.1109/JSSC.2015.2496782}}

@INPROCEEDINGS{8400821,
  author={Luo, Jiang and He, Jin and Feng, Guangyin and Apriyana, Alit and Huang, Qijun and Yu, Hao},
  booktitle={2018 IEEE MTT-S International Wireless Symposium (IWS)}, 
  title={A broadband CMOS amplifier in D band using pole-tuning technique with T-type network}, 
  year={2018},
  volume={},
  number={},
  pages={1-3},
  doi={10.1109/IEEE-IWS.2018.8400821}}

@ARTICLE{8939351,
  author={Jang, Tae Hwan and Jung, Kyung Pil and Kang, Jin-Seob and Byeon, Chul Woo and Park, Chul Soon},
  journal={IEEE Transactions on Circuits and Systems I: Regular Papers}, 
  title={120-GHz 8-Stage Broadband Amplifier With Quantitative Stagger Tuning Technique}, 
  year={2020},
  volume={67},
  number={3},
  pages={785-796},
  doi={10.1109/TCSI.2019.2958366}}
